@book{ProAngularJS,
  author = "Freeman, A.",
  year = "2014",
  title = "Pro AngularJS",
  edition = "1st.",
  publisher = "Apress"
}

@book{SOAInPractice,
  author = "Josuttis, N.",
  year = "2007",
  title = "SOA in Practice",
  edition = "1st.",
  publisher = "OReilly"
}

@book{WellGroundedJavaDeveloper,
  author = "Evans, B. et. al.",
  year = "2013",
  title = "The Well-Grounded Java Developer",
  edition = "1st.",
  publisher = "Manning"
}

@book{JavaDesignPatterns,
  author = "Sarcar, V.",
  year = "2016",
  title = "Java Design Patterns",
  edition = "1st.",
  publisher = "Apress"
}

@book{OCAPJavaSE7,
  author = "Sierra, K. et. al.",
  year = "2015",
  title = "OCA/OCP Java SE 7",
  edition = "1st.",
  publisher = "Oracle Press"
}

@book{OCAJavaSE7,
  author = "Gupta, M.",
  year = "2013",
  title = "OCA Java SE 7",
  edition = "1st.",
  publisher = "Manning"
}

@book{OCPJavaSE7,
  author = "Gupta, M.",
  year = "2015",
  title = "OCP Java SE 7",
  edition = "1st.",
  publisher = "Manning"
}

@book{ProSpringSecurity,
  author = "Scarioni, C.",
  year = "2013",
  title = "Pro Spring Security", 
  edition = "1st.",
  publisher = "Apress"
}

@book{SpringBootInAction,
  author = "Walls, C.",
  year = "2016",
  title = "Spring Boot in Action",
  edition = "1st.",
  publisher = "Manning"
}

@book{SpringInAction,
  author = "Walls, C.",
  year = "2015",
  title = "Spring in Action",
  edition = "4th.",
  publisher = "Manning"
}

@book{JavaPersistenceMyBatis3,
  author = "Reddy, K.",
  year = "2013",
  title = "Java Persistence with MyBatis 3",
  edition = "1st.",
  publisher = "Packt Publishing"
}

@book{MasteringApacheMaven3,
  author = "Siriwardena, P.",
  year = "2014",
  title = "Mastering Apache Maven 3",
  edition = "1st.",
  publisher = "Packt Publishing"
}

@book{SQLRelationalTheory,
  author = "Date, C.",
  year = "2015",
  title = "SQL and Relational Theory",
  edition = "3rd.",
  publisher = "OReilly"
}

@book{ApressSE,
  author = "Elvis C. Foster",
  year = "2014",
  title = "Software Engineering: A Methodical Approach",
  edition = "1st.",
  publisher = "Apress"
}

@book{WileyBegSE,
  author = "Rod Stephens",
  year = "2015",
  title = "Beginning Software Engineering",
  edition = "1st.",
  publisher = "John Wiley \& Sons, Inc."
}

@book{SWEBOOK,
  author = "Bourque, P. et. al.",
  year = "2014",
  title = "SWEBOK Guide V3.0",
  edition = "1st.",
  publisher = "IEEE Computer Society"
}

@misc{Scrum,
    author       = "Schwaber, K. and Sutherland, J.",
    title        = "The Scrum Guide. [online] Scrumguides.org",
    howpublished = "https://www.scrumguides.org/docs/scrumguide/v2017/2017-Scrum-Guide-US.pdf",
    year         = "2017",
    note         = "Consultado: 11  de agosto de 2018"
}

@misc{ViewModel4plus1,
    author       = "Kruchten, P.",
    title        = "Architectural Blueprints—The 4+1 View Model of Software Architecture.",
    howpublished = "http://www.cs.ubc.ca/~gregor/teaching/papers/4+1view-architecture.pdf",
    year         = "1995",
    note         = "Consultado: 11  de agosto de 2018"
}

@misc{juridica,
    author       = "Enciclopedia jurídica",
    title        = "Enciclopedia jurídica",
    howpublished = "http://www.enciclopedia-juridica.biz14.com/d/derechohabiente/derechohabiente.htm",
    year         = "2014",
    note         = "Consultado: 11  de agosto de 2018"
}